@InProceedings{psycho_,
  author =       {},
  title =        {},
  booktitle =    {},
  year =         {},
  address =      {},
  month =        {}
}

@Article{psycho_,
  author  = {},
  title   = {},
  journal = {},
  year    = {},
  month   = {},
  volume  = {},
  pages   = {}
}

@Book{psycho_,
  author    = {},
  title     = {},
  publisher = {},
  year      = {}
}


@Article{psycho_kuipers82,
  author  = {B. Kuipers},
  title   = {The ``map in the head'' metaphor.},
  journal = {Environment and Behaviour},
  year    = {1982},
  month   = {},
  volume  = {14},
  pages   = {202-220}
}

@InProceedings{psycho_siegel75,
  author =       {A.W. Siegel and S. White},
  title =        {The development of spatial representations of 
                  large-scale environments},
  booktitle =    {Advances in Child Development and Behaviour.},
  year =         {1975},
  address =      {Reese},
  month =        {}
}

@Article{psycho_tversky81,
  author  = {B. Tversky},
  title   = {Distortions in memory for maps.},
  journal = {Cognitive Psychology},
  year    = {1981},
  month   = {},
  volume  = {13},
  pages   = {407-433}
}


@Article{psycho_mcnamara86,
  author  = {T.P. McNamara},
  title   = {Mental representations of spatial relations.},
  journal = {Cognitive Psychology},
  year    = {1986},
  month   = {},
  volume  = {18},
  pages   = {87-121}
}

@Article{psycho_passini84,
  author  = {R. Passini},
  title   = {Spatial representations, a wayfinding perspective.},
  journal = {Journal of Environmental Psychology},
  year    = {1984},
  month   = {},
  volume  = {4},
  pages   = {153-164}
}

@InProceedings{psycho_blades91,
  author =       {M. Blades},
  title =        {The development of the abilities required to 
                  understand spatial representations.},
  booktitle =    {Cognitive and Linguistic Aspects of Geographical Space.},
  year =         {1991},
  address =      {Dordrecht},
  month =        {}
}

@Book{psycho_piaget56,
  author    = {J. Piaget and B. Inhender},
  title     = {The Child's Conception of Space},
  address   = {London},
  publisher = {Routledge and Kegan Paul},
  year      = {1956}
}

@Book{psycho_piaget60,
  author    = {J. Piaget and B. Inhender and A. Szeminska},
  title     = {The Child's Conception of Geometry},
  address   = {London},
  publisher = {Routledge and Kegan Paul},
  year      = {1960}
}

@Article{psycho_golledge92,
  author  = {R. Golledge},
  title   = {Spatial knowledge acquisition by children - route learning 
             and relational distances},
  journal = {Annals of the Association of American Geographers},
  year    = {1992},
  month   = {},
  volume  = {82},
  pages   = {223-244}
}

@InProceedings{psycho_golledge87,
  author =       {R. Golledge},
  title =        {Environmental Cognition.},
  booktitle =    {Handbook of Environmental Psychology},
  year =         {1987},
  address =      {New York},
  month =        {}
}

@Article{psycho_golledge92,
  author  = {R.G. Golledge and N. Gale and J.W. Pellegrino and S. Doherty},
  title   = {Spatial knowledge acquisition by children 
             - route learning and relational distances. },
  journal = {Annals of the Association of American Geographers},
  year    = {1992},
  month   = {},
  volume  = {82},
  pages   = {223-244}
}




@Article{bio_franz00,
  author = {Matthias O. Franz and Hanspeter A. Mallot},
  title  = {Biomimetic robot navigation},
  journal= {Robotic and Autonomous Systems},
  year   = {2000},
  volume = {30},
  month  = {},
  pages  = {133-153}
}

