@ARTICLE{af89,
  AUTHOR = "N. Ayache and O. D. Faugeras",
  TITLE = "Maintaining Representations of the Environment of a Mobile
                  Robot",
  JOURNAL = "IEEE Transactions on Robotics and Automation", 
  VOLUME = 5,
  NUMBER = 6,
  PAGES = "804-819",
  YEAR = 1989
}

@UNPUBLISHED{af01,
  TITLE = "Modifications made to the ANU XR4000",
  AUTHOR = "David J. Austin and Luke Fletcher",
  NOTE = "http://forde.anu.edu.au/\~{}
                  david/Nomadics/XR4000/modifications.html",
  YEAR = 2001
}

@INPROCEEDINGS{ag95,
  AUTHOR = "P. J. Alsina and N. S. Gehlot", 
  TITLE = "Adaptive Controller of Robotic Manipulators: a modular approach",
  BOOKTITLE = "Proc. 34th Conf. on Decision and Control", 
  PAGES = "57-62",
  YEAR = 1995 
}

@INPROCEEDINGS{ag98,
  AUTHOR = "E. G. Araujo and R. A. Grupen", 
  TITLE = "Feature Detection and Identification using a Sonar Array",
  BOOKTITLE = "Proc. of 1998 IEEE Intl. Conf. on Robotics and
		  Automation", 
  PAGES = "1584-1589",
  MONTH = May,
  YEAR = 1998
}

@INPROCEEDINGS{aj00,
  TITLE = "Using Multiple Gaussian Hypotheses to Represent Probability
                  Distributions for Mobile Robot Localization",
  AUTHOR = "David J. Austin and Patric Jensfelt",
  BOOKTITLE = "Proceedings of IEEE Intl. Conf. on Robotics and Automation",
  YEAR = "2000"
}

@INPROCEEDINGS{am94,
  AUTHOR = "P. Astuti and B. J. McCarragher", 
  TITLE = "Sufficient Conditions for the Success of Robotic Assembly",
  BOOKTITLE = "IEEE Intl. Conf. on Robotics and
		  Automation", 
  PAGES = "1693-1699",
  YEAR = 1994 
}

@INPROCEEDINGS{am96,
  AUTHOR = "P. Astuti and B. J. McCarragher", 
  TITLE = "Discrete Event Controller Synthesis for the Convergence of
		  an Assembly Process",
  BOOKTITLE = "IEEE Intl. Conf. on Robotics and Automation", 
  MONTH = Apr,
  YEAR = 1996
}

@INPROCEEDINGS{am97,
  AUTHOR = "D. J. Austin and B. J. McCarragher", 
  TITLE = "Force Control Command Synthesis for Assembly using a
                  Discrete Event Framework", 
  BOOKTITLE = "IEEE Intl. Conf. on Robotics
                  and Automation", 
  MONTH = Apr,
  YEAR = 1997
}

@INPROCEEDINGS{am97b,
  AUTHOR = "D. J. Austin and B. J. McCarragher", 
  TITLE = "Robust Discrete Event Controller Synthesis for Constrained
                  Motion Systems",
  BOOKTITLE = "Proc. of the Fifth Symposium on Robot Control", 
  MONTH = Sep,
  YEAR = 1997
}

@INPROCEEDINGS{am97c,
  AUTHOR = "D. J. Austin and B. J. McCarragher", 
  TITLE = "Experiments in Force Controlled Assembly Tasks using a
                  Discrete Event Framework",
  BOOKTITLE = "Proc. of  IEEE/RSJ Intl. Conf. on Intelligent
                  Robots and Systems 1997", 
  VOLUME = 2,
  PAGES = "668-674",
  MONTH = Sep,
  YEAR = 1997
}

@INPROCEEDINGS{am97d,
  AUTHOR = "D. J. Austin and B. J. McCarragher", 
  TITLE = "Discrete Event Modelling for Mobile Robots",
  BOOKTITLE = "Proc. Intl Conf. on Field and Service Robotics (FSR '97)", 
  PAGES = "364-369",
  MONTH = Dec,
  YEAR = 1997
}


@INPROCEEDINGS{am98,
  AUTHOR = "D. J. Austin and B. J. McCarragher", 
  TITLE = "A Unifying Discrete Event Framework for Mobile Robots",
  BOOKTITLE = "Proc. of 1998 Conf. on Systems, Man, and Cybernetics", 
  MONTH = Sep,
  YEAR = 1998
}


@UNPUBLISHED{am99,
  AUTHOR = "D. J. Austin and B. J. McCarragher", 
  TITLE = "Force Control Command Synthesis for Constrained Hybrid
                  Dynamic Systems with Friction",
  NOTE = "Submitted to ASME Journal of Dynamic Systems, Measurement
                  and Control", 
  MONTH = Oct,
  YEAR = 1997
}

@UNPUBLISHED{am99b,
  AUTHOR = "B. J. McCarragher and D. J. Austin", 
  TITLE = "Model-Adaptive Hybrid Dynamic Control for Robotic Assembly
                  Tasks",
  NOTE = "Submitted to the Intl. Journal of Robotics
                  Research", 
  MONTH = Jul,
  YEAR = 1997
}

@UNPUBLISHED{am00,
  AUTHOR = "D. J. Austin and B. J. McCarragher", 
  TITLE = "Geometric Constraint Identification and Mapping for Mobile
                  Robots", 
  NOTE = {Journal of Robotics and Autonomous Systems, to appear}, 
  YEAR = 2001
}

@UNPUBLISHED{am00b,
  AUTHOR = "David J. Austin and Brenan J. McCarragher",
  TITLE = "Hybrid Force/Velocity Discrete Event Controller Synthesis
                  for Assembly Tasks with Friction",  
  NOTE = "Accepted for IEEE Intl. Conf. on Robotics and Automation",
  YEAR = "2000"
}

@BOOK{anton,
  AUTHOR = "H. Anton",
  TITLE = "Elementary Linear Algebra",
  PUBLISHER = "John Wiley and Sons",
  YEAR = "1987"
}

@INPROCEEDINGS{ao99,
  AUTHOR = "M. Andersson and A. Oreback and M. Lindström and H.I. Christensen",
  TITLE = "ISR: An Intelligent Service Robot", 
  BOOKTITLE = "Intelligent Sensor Based Robotics", 
  EDITOR = "Christensen and Bunke and Noltemeier", 
  PUBLISHER = "Springer Verlag", 
  MONTH = Nov,
  YEAR = 1999
}
 
@INPROCEEDINGS{as97,
  AUTHOR = "K. O. Arras and R. Y.  Siegwart", 
  TITLE = "Feature Extraction and Scene Interpretation for Map-based
                  Navigation and Map Building", 
  BOOKTITLE = "Proceedings of SPIE, Mobile Robotics XII",
  VOLUME = 3210,
  YEAR = 1997
}

@INPROCEEDINGS{as98,
  AUTHOR = "J. C. Alvarez and A. Shkel and V. Lumelsky", 
  TITLE = "Accounting for Mobile Robot Dynamics in Sensor-Based Motion
                  Planning: Experimental Results",
  BOOKTITLE = "Proc. of  IEEE Intl. Conf. on Robotics and
		  Automation", 
  PAGES = "2205-2210",
  MONTH = May,
  YEAR = 1998
}

@BOOK{astrom,
  AUTHOR = "K. J. Astrom and B. Wittenmark",
  TITLE = "Computer Controlled Systems",
  PUBLISHER = "Prentice-Hall",
  YEAR = "1984"
}

@PHDTHESIS{au99,
  AUTHOR = "David Austin",
  TITLE = "Discrete Event Control of Uncertain Constrained Motion Systems",
  SCHOOL = "Department of Engineering, Australian National University",
  MONTH = Mar,
  YEAR = 1999
}

@INPROCEEDINGS{au00,
  TITLE = "Non-monotonic Geometric Mapping for Mobile Robots",
  AUTHOR = "David J. Austin",
  BOOKTITLE = "Proceedings IAS-00, Venice",
  PAGES = "628-635",
  MONTH = "July",
  YEAR = 2000
}

@MISC{au01,
  AUTHOR = "David Austin",
  TITLE = "DRobot - Nomadics Robot Software and Hardware Support",
  NOTE = "http://drobot.sourceforge.net/"
}

@BOOK{ba00,
  AUTHOR = "R. S. Ball",
  TITLE = "The Theory of Screws",
  PUBLISHER = "Cambridge University Press",
  YEAR = "1900"
}

@BOOK{ba91,
  TITLE = "Representing and Reasoning with Probabilistic Knowledge: A
                  Logical Approach to Probabilities",
  AUTHOR = "Fahiem Bacchus",
  PUBLISHER = "M I T Press",
  YEAR = 1991
}

@ARTICLE{ba96,
  AUTHOR = "T. R. Balch",
  TITLE = "Grid-based Navigation for Mobile Robots", 
  JOURNAL = "The Robotics Practitioner", 
  VOLUME = 2,
  NUMBER = 1, 
  YEAR = 1996
}

@INPROCEEDINGS{bc98, 
  AUTHOR = {Burgard, W. and Cremers, A.B. and Fox, D. and H{\"a}hnel,
                  D. and Lakemeyer, G. and Schulz, D. and Steiner,
                  W. and Thrun, S.},
  TITLE = {The Interactive Museum Tour-Guide Robot}, 
  YEAR = {1998}, 
  BOOKTITLE = {Proc.~of the National Conference on Artificial
                  Intelligence}
} 
  

@ARTICLE{bc00,
  AUTHOR = {Burgard, W. and Cremers, A.B. and Fox, D. and H{\"a}hnel,
               D. and Lakemeyer, G. and Schulz, D. and Steiner, W. and
               Thrun, S.},
  TITLE = "Experiences with an Interactive Museum Tour-Guide Robot",
  JOURNAL = {Artificial Intelligence}, 
  VOLUME = {114}, 
  NUMBER = {1-2}, 
  YEAR = {2000} 
}   

@UNPUBLISHED{bc88,
  AUTHOR = "R. A. Brooks and J. H. Connell and P. Ning", 
  TITLE = "HERBERT: A Second Generation Mobile Robot",
  NOTE = "AI Memo 1016, MIT", 
  MONTH = Jan,
  YEAR = 1988
}

@INPROCEEDINGS{bd94,
  AUTHOR = "S. Borthwick and H. Durrant-Whyte",
  TITLE = "Simultaneous Localisation and Map Building for Autonomous
                  Guided Vechiles",
  BOOKTITLE = "International Conference on Intelligent Robots and
                  Systems (IROS'94)", 
  VOLUME = 2,
  PAGES = "761-768",
  YEAR = 1994
}

@INPROCEEDINGS{bd95,
  AUTHOR = "H. Bruyninckx and S. Dutre and J. De Schutter",
  TITLE = "Peg-on-Hole: A model Based Solution to Peg and Hole
		  Alignment",
  BOOKTITLE = "IEEE Intl. Conf. on Robotics and
		  Automation",
  YEAR = 1995,
  PAGES = "1919-1924",
  VOLUME = 2
}

@INPROCEEDINGS{bd98,
  AUTHOR = "H. Bruynickx and J. De Schutter", 
  TITLE = "Modelling and Specification of Compliant Motions with Two
                  and Three Contact Points",
  BOOKTITLE = "IEEE Intl. Conf. on Robotics and Automation", 
  MONTH = Apr,
  PAGES = "1938-1943",
  YEAR = 1998
}


@BOOK{be96,
  AUTHOR = "J. Borenstein and H. R. Everett and L. Feng",
  TITLE = "Navigating Mobile Robots",
  PUBLISHER = "A K Peters", 
  YEAR = 1996
}

@BOOK{be96b,
  TITLE = "Mathematical Methods in Artificial Intelligence",
  AUTHOR = "Edward A. Bender",
  PUBLISHER = "IEEE Computer Society Press",
  YEAR = 1996
}

@INPROCEEDINGS{be97,
  AUTHOR = "M. D. Berkemeier",
  TITLE = "Approximate Return Maps for Quadrupedal Running",
  BOOKTITLE = "Proc. of 1997 IEEE Intl. Conf. on Robotics
                  and Automation",
  YEAR = 1997,
  PAGES = "805-810",
  MONTH = Apr
}

@INPROCEEDINGS{bg99,
  TITLE = "Semi-automatic Acquisition of Symbolically-annotated
                  3D-Models of Office Environments",
  AUTHOR = "M. Beetz and M. Giesenschlag and R. Englert and E. Gulch
                  and A. B. Cremers",
  BOOKTITLE = "Int. Conf. on Robotics and Automation", 
  PAGES = "2280-2285",
  YEAR = 1999
}

@INPROCEEDINGS{bh89,
  AUTHOR = "Y. Brave and M. Heymann",
  TITLE = "On Stabilization of Discrete Event Processes", 
  BOOKTITLE = "Proc. 28th Conf. on Decision and Control", 
  YEAR = 1989
}

@ARTICLE{bk91,
  AUTHOR = "J. Borenstein and Y. Koren", 
  TITLE = "Histogramic In-motion Mapping for Mobile Robot Obstacle
                  Avoidance",
  JOURNAL = "Journal of Robotics and Automation", 
  VOLUME = 7,
  NUMBER = 4,
  PAGES = "535-539",
  YEAR = 1991
}

@INPROCEEDINGS{BM1,
  AUTHOR = "B. J. McCarragher",
  TITLE = "Model Adaptive Discrete Event Control",
  YEAR = "1994",
  BOOKTITLE = "Proc. IFAC Symposium on Robot Control"
}

@UNPUBLISHED{br86,
  AUTHOR = "R. A. Brooks", 
  TITLE = "Achieving Artificial Intelligence through Building Robots",
  NOTE = "AI Memo 899, MIT", 
  MONTH = May,
  YEAR = 1986
}


@BOOK{br85,
  AUTHOR = "M. J. Best and K. Ritter", 
  TITLE = "Linear Programming:  Active Set Analysis and Computer
		  Programs", 
  PUBLISHER = "Prentice-Hall, Inc.", 
  YEAR = 1985
}

@INPROCEEDINGS{br93,
  AUTHOR = "R. Brockett", 
  TITLE = "Hybrid Models for Motion Control Systems", 
  BOOKTITLE = {Essays on Control: Perspectives in the Theory and its
		  Applications},
  EDITORS = "H. L. Trentelman and J. C. Willems",
  PUBLISHER = "Birkhauser Boston",
  PAGES = "29-53",
  YEAR = 1993
}

@INPROCEEDINGS{br94,
  AUTHOR = "M. S. Branicky",
  TITLE = "Stability of Switched and Hybrid Systems", 
  BOOKTITLE = "Proc. of the 33th Conf. on Decision and Control",
  MONTH = Dec,
  YEAR = 1994,
  PAGES = "3498-3503"
}

@BOOK{br96,
  TITLE = "Nonsmooth Impact Mechanics",
  AUTHOR = "B. Brogliato",
  PUBLISHER = "Springer-Verlag",
  PLACE = "London",
  YEAR = 1996
}

@INPROCEEDINGS{br01,
  TITLE = "Open Robot Control Software: the OROCOS project",
  AUTHOR = "Herman Bruynickx",
  BOOKTITLE = "Proc 2001 IEEE Intl Conf on Robotics and Automation",
  PLACE = "Seoul, Korea",
  MONTH = May,
  YEAR = 2001,
  PAGES = "2523-2528"
}

@BOOK{bitmead,
  AUTHOR = "Robert R. Bitmead and Michel Gevers and Vincent Wertz",
  TITLE = "Adaptive Optimal Control: The Thinking Man's GPC", 
  PUBLISHER = "Prentice Hall, Inc",
  YEAR = "1990"
}

@INPROCEEDINGS{bj93,
  TITLE = "Laser-radar and Sonar Based World Modeling and Motion
                  Control for Fast Obstacle Avoidance of the
                  Autonomous Mobile Robot MOBOT-IV",
  AUTHOR = "M. Buchberger and K.-W. Jörg and E. von Puttkamer",
  BOOKTITLE = "Proc. IEEE International Conference on Robotics and
                  Automation 1993",
  MONTH = May,
  YEAR = 1993,
  PAGES = "534-540"
}

@INPROCEEDINGS{bt98,
  AUTHOR = "K. Brady and T.-J. Tarn",
  TITLE = "Internet-Based Remote Teleoperation",
  BOOKTITLE = "Proc. IEEE Intl. Conf. on Robotics and
                  Automation",
  PAGES = "65-70",
  MONTH = May,
  YEAR = 1998
}

@INPROCEEDINGS{bw94,
  AUTHOR = "B. A. Brandin and W. M. Wonham", 
  TITLE = "Supervisory Control of Timed Discrete Event Systems",
  BOOKTITLE = "IEEE Transactions on Automatic Control", 
  MONTH = Feb,
  VOLUME = 139,
  YEAR = 1994
}

@ARTICLE{cc94,
  AUTHOR = "O. Causse and J. L. Crowley", 
  TITLE = "Navigation with constraints for an autonomous mobile robot",
  JOURNAL = "Journal of Robotics and Autonomous Systems", 
  VOLUME = 12,
  PAGES = "213-221",
  YEAR = 1994
}

@ARTICLE{cd97,
  AUTHOR = "M. Csorba and H. F. Durrant-Whyte",
  TITLE = "A new approach to map bulding using relative position
                  estimates",
  JOURNAL = "Proc. of SPIE", 
  VOLUME = 3087,
  PAGES = "115-125",
  YEAR = 1997
}

@INPROCEEDINGS{ch99,
  TITLE = "3-D Cueing: A Data Filter for Object Recognition",
  AUTHOR = "O. Carmichael and M. Hebert",
  BOOKTITLE = "Int. Conf. on Robotics and Automation", 
  PAGES = "944-950",
  YEAR = 1999
}

@INPROCEEDINGS{ck97,
  AUTHOR = "K. S. Chong and L. Kleeman",
  TITLE = "Sonar Based Map Building for a Mobile Robot",
  BOOKTITLE = "Proc. IEEE Intl. Conf. on Robotics and
                  Automation",
  VOLUME = 2,
  PAGES = "1700-1705",
  YEAR = 1997
}

@BOOK{cl73,
  AUTHOR = "A. A. Clifford",
  TITLE = "Multivariate Error Analysis", 
  PUBLISHER = "Applied Science Publishers, London",
  YEAR = "1973"
}

@INPROCEEDINGS{cm98,
  AUTHOR = "J. A. Castellanos and J. M. Martinez and J. Neira and
                  J. D. Tard\'os", 
  TITLE = "Simultaneous Map Bulding and Localization for Mobile
                  Robots: a Multisensor Fusion Approach",
  BOOKTITLE = "Proc. of IEEE Intl. Conf. on Robotics and
		  Automation",
  MONTH = May,
  PAGES = "1244-1249",
  YEAR = 1998
}


@INPROCEEDINGS{co91,
  AUTHOR = "I. J. Cox",
  TITLE = "Probabilistic Data Association for Dynamic World Modeling:
                  A Multiple Hypothesis Approach",
  BOOKTITLE = "Proc. of Fifth Intl. Conf. on Advanced Robotics",
  VOLUME = 2,
  PAGES = "1287-1294",
  YEAR = 1991
}

@INPROCEEDINGS{cohen,
  TITLE = "Algebraic Tools for the Performance Evaluation of Discrete
		  Event Systems",
  BOOKTITLE = "Proceedings IEEE, 77, no. 1",
  AUTHOR = "Guy Cohen and Pierre Moller and Jean-Pierre Quadrat and
		  Michel Viot",
  YEAR = "1989"
}

@ARTICLE{cr85,
  AUTHOR = "J. L. Crowley",
  TITLE = "Navigation for an Intelligent Mobile Robot",
  JOURNAL = "IEEE Journal of Robotics and Automation", 
  VOLUME = 1,
  NUMBER = 1,
  PAGES = "31-41",
  YEAR = 1985
}


@INPROCEEDINGS{cr85b,
  AUTHOR = "J. L. Crowley",
  TITLE = "Dynamic World Modeling for an Intelligent Mobile Robot
                  using a Rotating Ultra-Sonic Ranging Device",
  BOOKTITLE = "Proc. of IEEE Intl. Conf. on Robotics and
		  Automation",
  PAGES = "128-135",
  YEAR = 1985
}

@INPROCEEDINGS{cr89,
  AUTHOR = "J. L. Crowley",
  TITLE = "World Modeling and Position Estimation for a Mobile Robot
                  Using Ultrasonic Ranging",
  BOOKTITLE = "Proc. of IEEE Intl. Conf. on Robotics and
		  Automation",
  PAGES = "674-680",
  YEAR = 1989
}

@INPROCEEDINGS{cs92,
  AUTHOR = "T. Cao and A. C. Sanderson",
  TITLE = "Sensor-based Error Recovery for Robotics Task Sequences
		  Using Fuzzy Petri Nets",
  BOOKTITLE = "IEEE Intl. Conf. on Robotics and Automation",
  YEAR = 1992,
  PAGES = "1063-1069",
  VOLUME = 2
}

@MANUAL{cs97,
  AUTHOR = "Wendy Christensen and Tyson Sawyer and Jim Kurien and Bill
                  Smart and Grinnell More and Sebastian Thrun",
  TITLE = "BeeSoft User's Guide and Software Reference",
  YEAR = 1997
}

@INPROCEEDINGS{ct97,
  AUTHOR = "J. A. Castellanos and J. D. Tard\'os and G. Schmidt", 
  TITLE = "Building a Global Map of the Environment of a Mobile Robot:
                  The Importance of Correlations",
  BOOKTITLE = "Proc. of 1997 IEEE Intl. Conf. on Robotics and
		  Automation",
  MONTH = May,
  PAGES = "1053-1059",
  YEAR = 1997
}

@INPROCEEDINGS{cu97,
  AUTHOR = "M. Csorba and J. K. Uhlmann and H. F. Durrant-Whyte", 
  TITLE = "A Sub-Optimal Algorithm for Automatic Map Building",
  BOOKTITLE = "Proc. of American Control Conference",
  MONTH = Jun,
  PAGES = "537-541",
  YEAR = 1997
}

@INPROCEEDINGS{cv98,
  AUTHOR = "L. Cahut and K. P. Valavanis and H. Delic",
  TITLE = "Sonar Resolution-Based Environment Mapping",
  BOOKTITLE = "Proc. of 1998 IEEE Intl. Conf. on Robotics and
		  Automation",
  MONTH = May,
  PAGES = "2541-2547",
  YEAR = 1998
}

@INPROCEEDINGS{db97,
  AUTHOR = "S. Dutre and H. Bruyninckx and S. Demey and J. De
                  Schutter",
  TITLE = "Solving Contact and Grasp Uncertainties",
  BOOKTITLE = "International Conference on Intelligent Robots and
                  Systems (IROS'97)", 
  PAGES = "114-119",
  YEAR = 1997
}

@ARTICLE{dd97,
  AUTHOR = "S. Demey and J. De Schutter", 
  TITLE = "Surface shape recovery with a force-controlled robot",
  JOURNAL = "Journal of Advanced Robotics",
  NUMBER = 4,
  VOLUME = 11,
  PAGES = "413-428",
  YEAR = 1997
}

@INPROCEEDINGS{dj98,
  TITLE = "Understanding Mechanisms: from Images to Behaviours",
  AUTHOR = "T. Dar and L. Joskowicz and E. Rivlin",
  BOOKTITLE = "Int. Conf. on Robotics and Automation", 
  PAGES = "3552-3558",
  YEAR = 1998
}

@INPROCEEDINGS{dn99,
  AUTHOR = "T. Duckett and U. Nehmzow",
  TITLE = "Self-Localisation and Autonomous Navigation by a Mobile
                  Robot",
  BOOKTITLE = "Proc. TIMR 99, ``Towards Intelligent Mobile Robots''",
  YEAR = 1999
}

@BOOK{do92,
  AUTHOR = "Richard C. Dorf",
  TITLE = "Modern Control Systems (6th ed)",
  PUBLISHER = "Addison-Wesley",
  YEAR = "1992"
}

@INPROCEEDINGS{dp98,
  AUTHOR = "L. Delahoche and C. Pegard and E. M. Mouaddib and
                  P. Vasseur",
  TITLE = "Incremental Map Building for Mobile Robot Navigation in an
                  Indoor Environment",
  BOOKTITLE = "Proc. of IEEE Intl. Conf. on Robotics and
		  Automation",
  MONTH = May,
  PAGES = "2560-2565",
  YEAR = 1998
}

@BOOK{dh73,
  AUTHOR = "R. O. Duda and P. E. Hart",
  TITLE = "Pattern Classification and Scene Analysis", 
  PUBLISHER = "Wiley",
  YEAR = "1973"
}

@MISC{dros,
  AUTHOR = "David Austin",
  TITLE = "Dave's Robotic Operating System",
  NOTE = "http://www.dros.com/",
  YEAR = 2002
}

@ARTICLE{el87,
  AUTHOR = "A. Elfes",
  TITLE = "Sonar-Based Real-World Mapping and Navigation",
  JOURNAL = "IEEE Journal of Robotics and Automation", 
  VOLUME = 3,
  NUMBER = 3,
  PAGES = "249-265",
  YEAR = 1987
}

@INPROCEEDINGS{ew95,
  TITLE = "Exploration, Navigation and Self-Localization in an
                  Autonomous Mobile Robot",
  AUTHOR = "T. Edlinger and G. Weiß",
  BOOKTITLE ="Autonome Mobile Systeme; 11. Fachgespräch
     Karlsruhe, Germany",
  MONTH = Nov,
  YEAR = 1995,
  PAGES = "142 -- 151"
}

@BOOK{frazer,
  AUTHOR = "J. Ronald Frazer",
  TITLE = "Applied Linear Programming", 
  PUBLISHER = "Prentice Hall, Inc",
  YEAR = "1968"
}

@BOOK{gass,
  AUTHOR = "Saul I. Gass",
  TITLE = "Linear Programming: Methods and Applications", 
  PUBLISHER = "McGraw-Hill",
  YEAR = "1975"
}

@ARTICLE{fb97, 
  AUTHOR = {Fox, D. and Burgard, W. and Thrun, S.}, 
  TITLE = {The Dynamic Window Approach to Collision Avoidance}, 
  JOURNAL = {{IEEE} Robotics \& Automation Magazine}, 
  VOLUME = {4}, 
  NUMBER = {1}, 
  YEAR = {1997} 
} 

@INPROCEEDINGS{fb98,
  AUTHOR = "D. Fox and W. Burgard and S. Thrun and A. B. Cremers", 
  TITLE = "A Hybrid Collision Avoidance Method For Mobile Robots",
  BOOKTITLE = "Proc. of  IEEE Intl. Conf. on Robotics and
		  Automation", 
  PAGES = "1238-1243",
  MONTH = May,
  YEAR = 1998
}

@INPROCEEDINGS{fb98b, 
  AUTHOR = {Fox, D. and Burgard, W. and Thrun, S. and Cremers, A.B.}, 
  TITLE = {Position Estimation for Mobile Robots in Dynamic Environments}, 
  YEAR = {1998}, 
  BOOKTITLE = {Proc.~of the National Conference on Artificial Intelligence} 
} 

@ARTICLE{fb99, 
  AUTHOR = {Fox, D. and Burgard, W. and Thrun, S.}, 
  TITLE = {Markov Localization for Mobile Robots in Dynamic Environments}, 
  JOURNAL = {Journal of Artificial Intelligence Research}, 
  VOLUME = {11}, 
  YEAR = {1999} 
} 

@UNPUBLISHED{fj98,
  TITLE = "Algorithms for Graph Partitioning: A Survey",
  AUTHOR = "Per-Olof Fjällström",
  NOTE = "Linköping Electronic Articles in Computer and Information
                  Science ISSN 1401-9841",
  VOL = 3,
  YEAR = 1998,
  NUMBER = 010
}


@INPROCEEDINGS{fr98,
  AUTHOR = "J. T. Feddema and R. D. Robinett and B. J. Driesen", 
  TITLE = "Designing Stable Finite State Machine Behaviours using
                  Phase Plane Analysis and Variable Structure Control",
  BOOKTITLE = "Proc. of  IEEE Intl. Conf. on Robotics and
		  Automation", 
  PAGES = "1134-1141",
  MONTH = May,
  YEAR = 1998
}

@INPROCEEDINGS{fs89,
  AUTHOR = "I. Frolow and J. Sinnott", 
  TITLE = "National Airspace System Demand and Capacity Model", 
  BOOKTITLE = "Proc. IEEE", 
  VOLUME = 77,
  PAGES = "1618-1624",
  MONTH = Nov,
  YEAR = 1989
}

@INPROCEEDINGS{gb98,
  AUTHOR = "J.-S. Gutmann and W. Burgard and D. Fox and K. Konolige", 
  TITLE = "An Experimental Comparison of Localization Methods", 
  BOOKTITLE = "International Conference on Intelligent Robots and
                  Systems (IROS'98)", 
  MONTH = Oct,
  YEAR = 1998
}

@INPROCEEDINGS{ger89,
  AUTHOR = "S. Gershwin", 
  TITLE = "Hierarchical Flow Control:  A Framework for Scheduling and
		  Planning Discrete Events in Manufacturing Systems", 
  BOOKTITLE = "Proceedings IEEE, Special Issue on Dynamics of Discrete
                  Event Systems", 
  VOLUME = "77-1",
  PAGES = "195-209",
  MONTH = Jan,
  YEAR = 1989
}

@INPROCEEDINGS{gk99,
  AUTHOR = "J.-S. Gutmann and K. Konolige",
  TITLE = "Incremental Mapping of Large Cyclic Environments", 
  BOOKTITLE = "Proc.\ International Symposium on Computational
                  Intelligence in Robotics and Automation (CIRA'99)", 
  MONTH = Nov,
  YEAR = 1999
}

@INPROCEEDINGS{gl94,
  AUTHOR = "D. N. Godbole and J. Lygeros and S. S. Sastry", 
  TITLE = "Hierarchical Hybrid Control: a Case Study",
  BOOKTITLE = "Proc. 1994 IEEE Conf. on Decision and Control", 
  PAGES = "1592-1597",
  YEAR = 1994
}

@INPROCEEDINGS{gl99,
  AUTHOR = "S. Gautama and S. Lacroix and M. Devy", 
  TITLE = "Evaluation of stereo matching algorithms for occupant
                  detection",
  BOOKTITLE = "International Workshop on Recognition, Analysis, and
                  Tracking of Faces and Gestures in Real-Time
                  Systems (RATFG-RTS 99), Corfu, 26-27",
  MONTH = Sep,
  YEAR = "1999"
}

@INPROCEEDINGS{gm97,
  AUTHOR = "R. A. Grupen and W. S. MacDonald", 
  TITLE = "Building Walking Gaits for Irregular Terrain from Basis
                  Controllers",
  BOOKTITLE = "Proc. of 1997 IEEE Intl. Conf. on Robotics and
		  Automation", 
  PAGES = "481-486",
  MONTH = Apr,
  YEAR = 1997
}

@INPROCEEDINGS{gs96,
  AUTHOR = "J.-S. Gutmann and C. Schlegel", 
  TITLE = "AMOS: Comparison of Scan Matching Approaches for
                  Self-Localization in Indoor Environments", 
  BOOKTITLE = "Proc. 1st Euromicro Workshop on Advanced Mobile Robots
                  (Eurobot'96)", 
  YEAR = 1996 
}

@INPROCEEDINGS{gv89,
  AUTHOR = "A. Gollu and P. Varaiya", 
  TITLE = "Hybrid Dynamical Systems", 
  BOOKTITLE = "Proc. 28th Conf. on Decision and Control", 
  PAGES = "2708-2712",
  MONTH = Dec,
  YEAR = 1989
}

@INPROCEEDINGS{gw99,
  AUTHOR = "J.-S. Gutmann and T. Weigel and B. Nebel",
  TITLE = "Fast, Accurate, and Robust Self-Localization in Polygonal
                  Environments", 
  BOOKTITLE = "International Conference on Intelligent Robots and
                  Systems (IROS'99)",
  MONTH = Oct,
  YEAR = 1999
}

@INPROCEEDINGS{hf96,
  AUTHOR = "F.-Y. Hsu and L.-C. Fu", 
  TITLE = "Adaptive Fuzzy Hybrid Force/Position Control for Robot
                  Manipulators Following Contours of an Uncertain
                  Object", 
  BOOKTITLE = "IEEE Intl. Conf. on Robotics and Automatio", 
  VOLUME = 3,
  PAGES = "2232-2237",
  YEAR = 1996
}

@INPROCEEDINGS{hk93,
  AUTHOR = "W. S. Howard and V. Kumar",
  TITLE = "A Minimum Principle for the Dynamic Analysis of Systems
                  with Frictional Contacts", 
  BOOKTITLE  = "IEEE Intl. Conf. on Robotics and Automation",
  YEAR = 1993, 
  VOLUME = 3,
  PAGES = "437-442"
}

@INPROCEEDINGS{heymann,
  AUTHOR = "Michael Heymann",
  TITLE = "Concurrency and Discrete Event Control",
  BOOKTITLE = "IEEE Control Systems Magazine, 10, no. 4",
  YEAR = "1990"
}

@INPROCEEDINGS{hk90,
  AUTHOR = "L.E. Holloway and B.H. Krogh", 
  TITLE = "Synthesis of Feedback Control Logic for a Class of Controlled Petri
		  Nets",
  BOOKTITLE = "IEEE Trans. on Automatic Control", 
  MONTH = May,
  VOLUME = 35,
  YEAR = 1990
}

@INPROCEEDINGS{hl90,
  AUTHOR = "J. Hoitomt and P. Luh and E. Max and K. Pattipati", 
  TITLE = "Scheduling Jobs with Simple Precedence Constraints on Parallel
		  Machines",
  BOOKTITLE = "IEEE Control Systems Magazine", 
  PAGES = "34-40",
  MONTH = Feb,
  YEAR = 1990
}

@INPROCEEDINGS{hm96,
  AUTHOR = "G. E. Hovland  and B. J. McCarragher", 
  TITLE = "Frequency-Domain Force Measurements for Discrete Event
                  Contact Recognition", 
  BOOKTITLE  = "IEEE Intl. Conf. on Robotics and Automation",
  MONTH = Apr,
  YEAR = 1996, 
  PAGES = "1166-1171"
}

@UNPUBLISHED{hm97,
  AUTHOR = "G. Hovland and B.J. McCarragher", 
  TITLE = "Control of Sensory Perception in Discrete Event Systems
                  Using Stochastic Dynamic Programming",
  NOTE = "Submitted to ASME Journal of Dynamic Systems, Measurement
                  and Control",
  MONTH = Jul,
  YEAR = 1997
}

@INPROCEEDINGS{hm97a,
  AUTHOR = "G.E. Hovland and B.J. McCarragher",
  TITLE = "Combining Force and Position Measurements for the
                  Monitoring of Robotic Assembly",
  BOOKTITLE = "IEEE/RSJ Intl. Conf. on Intelligent Robots
                  and Systems (IROS'97)", 
  MONTH = Sep, 
  YEAR = 1997,
  VOLUME = 2,
  PAGES = "654-660"
}

@ARTICLE{hm98,
  AUTHOR = "G. Hovland and B. J. McCarragher", 
  TITLE = "Hidden Markov Models as a Process Monitor in Robotic Assembly",
  JOURNAL = "Intl. Journal of Robotics Research", 
  MONTH = Jan,
  VOLUME = 17,
  NUMBER = 2,
  PAGES = "153-168",
  YEAR = 1998
}

@ARTICLE{ho85,
  AUTHOR = "N. Hogan", 
  TITLE = "Impedance Control:  An Approach to Manipulation, Parts I, II and
		  III",
  JOURNAL = "Journal of Dynamic Systems, Measurement and Control", 
  MONTH = Mar,
  VOLUME = 107,
  PAGES = "1-24",
  YEAR = 1985
}

@INPROCEEDINGS{hr95,
  AUTHOR = "C. Horn and P. J. Ramadge", 
  TITLE = "Robustness Issues for Hybrid Systems",
  BOOKTITLE = "Proc. 34th Conf. on Decision and Control", 
  PAGES = "1467-1472",
  YEAR = 1995 
}

@ARTICLE{hw95,
  AUTHOR = "Y. K. Ho and D. Wang and Y. C. Soh", 
  TITLE = "Robust Control of a Manipulator Performing Constrained
                  Motion with Uncertainties in the Constraint
                  Functions",
  JOURNAL = "Journal of Robotic Systems", 
  MONTH = Nov,
  VOLUME = 12,
  YEAR = 1995
}

@INPROCEEDINGS{hy99,
  AUTHOR = "Yasushi Hada and Shin'ichi Yuta",
  TITLE = "Robust navigation and battery re-charging system for Long
                  Term Activity of autonomous mobile robot",
  BOOKTITLE = "The 9th International Conference on Advanced
                  Robotics('99 ICAR)",
  MONTH = Oct,
  YEAR = 1999,
  PAGES = "297-302"
}

@ARTICLE{it99,
  AUTHOR = "Marina Indri and Antonio Tornambe",
  TITLE = "Impact Model and Control of Two Multi-DOF Cooperating
                  Manipulators",
  JOURNAL = "IEEE Transactions on Automatic Control", 
  VOLUME = "44(6)", 
  PAGES = "1297-1303",
  YEAR = 1999
}

@INPROCEEDINGS{jb98,
  AUTHOR = "A. Joukhadar and A. Deguet and C. Laugier",
  TITLE = "A Collision Model for Rigid and Deformable Bodies",
  YEAR = "1998",
  PAGES = "982--988",
  BOOKTITLE = "IEEE Intl. Conf. on Robotics and
		  Automation"
}

@ARTICLE{jc01,
  AUTHOR =       {Patric Jensfelt and Henrik I. Christensen},
  TITLE =        {Pose Tracking Using Laser Scanning and Minimalistic
                  Environmental Models},
  JOURNAL =      {IEEE Transactions on Robotics and Automation},
  YEAR =         2001,
  VOLUME =       17,
  NUMBER =       2,
  PAGES =        {138--147},
  MONTH =        apr
}

@INPROCEEDINGS{js97,
  AUTHOR = "J. A. Janet and S. M. Scoggins and M. W. White and
                  J. C. Sutton and E. Grant and W. E. Snyder",
  TITLE = "Self-Organising Geometric Certainty Maps: A Compact and
                  Multifunctional Approach to Place Recognition and
                  Motion Planning",
  BOOKTITLE = "Proc. IEEE Intl. Conf. on Robotics and
                  Automation",
  VOLUME = 4,
  PAGES = "3421-3426",
  YEAR = 1997
}

@ARTICLE{jt93,
  AUTHOR = "D. Jeon and M. Tomizuka",
  TITLE = "Learning Hybrid Force and Position Control of Robot
		  Manipulators",
  JOURNAL = "IEEE Transactions on Robotics and Automation",
  VOLUME = 9,
  PAGES = "423-431",
  YEAR = 1996
}

@UNPUBLISHED{jw00,
  TITLE = "Experiments on Augmenting Condensation for Mobile Robot
                  Localization",
  AUTHOR = "Patric Jensfelt and Olle Wijk and David J. Austin and
                  Magnus Andersson",
  NOTE = "Accepted for IEEE Intl. Conf. on Robotics and Automation",
  YEAR = "2000"
}

@INPROCEEDINGS{ja00,
  TITLE = "Feature Based Condensation for Mobile Robot Localization", 
  AUTHOR = "Patric Jensfelt and David J. Austin and Olle Wijk and
                  Magnus Andersson",
  BOOKTITLE = "IEEE Intl. Conf. on Robotics and Automation",
  YEAR = "2000"
}

@ARTICLE{kb94,
  AUTHOR = "J. Kosecka and R. Bajcsy",
  TITLE = "Discrete Event Systems for Autonomous Mobile Agents",
  JOURNAL = "Journal of Robotics and Autonomous Systems",
  VOLUME = 12,
  NUMBER = "B14",
  PAGES = "187-198",
  YEAR = 1994
}

@INPROCEEDINGS{kb94b,
  AUTHOR = "J. Kosecka and L. Bogoni",
  TITLE = "Application of Discrete Events Systems for Modeling and
                  Controlling Robotic Agents",
  BOOKTITLE = "Proc. IEEE Intl. Conf. on Robotics and Automation",
  YEAR = 1994
}

@ARTICLE{kc95,
  AUTHOR = "J. Kosecka and H. I. Christensen and R. Bajcsy",
  TITLE = "Discrete Event Modelling of Navigation and Gaze Control",
  JOURNAL = "Intl. Journal on Computer Vision, Special Issue
                  on Qualitative Vision",
  VOLUME = 12,
  NUMBER = 3,
  PAGES = "295-316",
  YEAR = 1995
}

@BOOK{kj87,
  AUTHOR = "K. L. Johnson",
  TITLE = "Contact Mechanics", 
  PUBLISHER = "Cambridge University Press",
  YEAR = "1987"
}


@INPROCEEDINGS{kl97,
  AUTHOR = "Y. D. Kwon and J. S. Lee", 
  TITLE = "A Stochastic Environment Modelling Method for Mobile Robot
                  by using a 2-D Laser Scanner",
  BOOKTITLE = "Proc. of IEEE Intl. Conf. on Robotics and
		  Automation",
  MONTH = Apr,
  PAGES = "1688-1693",
  YEAR = 1997
}

@PHDTHESIS{ko96,
  AUTHOR = "J. Kosecka",
  TITLE = "A Framework for Modelling and Verifying Visually Guided
                  Agents: Design, Analysis and Experiments",
  SCHOOL = "Grasp Lab, University of Pennsylvania",
  NOTE = "Available from http://www.cis.upenn.edu/\~{}janka/publ.html",
  MONTH = Mar,
  YEAR = 1996
}

@INPROCEEDINGS{kp91,
  TITLE = "Extracting Lines, Circular Segments and Clusters from Radar
                  Pictures in Real Time for an Autonomous Mobile
                  Robot",
  AUTHOR = "T. Knieriemen and E. von Puttkamer and J. Roth",
  BOOKTITLE = "Euromicro '91; Workshop on Real-Time Systems
                  Paris-Orsay, France",
  MONTH =  Jun, 
  YEAR = 1991,
  PAGES = "127-135"
}

@INPROCEEDINGS{ks96,
  AUTHOR = "S. Koenig and R. G. Simmons", 
  TITLE = "Unsupervised Learning of Probabilistic Models for Robot
                  Navigation",
  BOOKTITLE = "Proc. of 1996 IEEE Intl. Conf. on Robotics and
		  Automation",
  MONTH = Apr,
  PAGES = "2301-2308",
  YEAR = 1996
}

@INPROCEEDINGS{kw97,
  AUTHOR = "C. Kunz and T. Willeke and I. Nourbakhsh",
  TITLE = "Automatic Mapping of Dynamic Office Environments",
  BOOKTITLE = "Proc. IEEE Intl. Conf. on Robotics and
                  Automation",
  VOLUME = 2,
  PAGES = "1681-1687",
  YEAR = 1997
}

@ARTICLE{ky99,
  AUTHOR = "O. Khatib and K. Yokoi and O. Brock and K. Chang and
                  A. Casal",
  TITLE = "Robots in Human Environments: Basic Autonomous
                  Capabilities",
  JOURNAL = "International Journal of Robotics Research", 
  VOLUME = 18, 
  NUMBER = 7, 
  YEAR = 1999, 
  PAGES = "684-696"
}

@INPROCEEDINGS{landau,
  AUTHOR = "I. D. Landau",
  TITLE = "Future Trends in Adaptive Control of Robot Manipulators",
  BOOKTITLE = "Proc. 27th Conf. on Decision and Control",
  YEAR = 1988
}

@INPROCEEDINGS{lb95,
  AUTHOR = "M. Lemmon and C. Bett", 
  TITLE = "Hybrid Control System Design using Robust Linear Control
		  Agents", 
  BOOKTITLE = "Proc. 34th Conf. on Decision and Control", 
  PAGES = "2688 - 2693",
  MONTH = Dec,
  YEAR = 1995
}

@INPROCEEDINGS{lc98,
  AUTHOR = "R. C. Luo and T. M. Chen", 
  TITLE = "Multiagent Systems with Event Driven Control for Autonomous
                  Mobile Robot Navigation",
  BOOKTITLE = "Proc. of  IEEE Intl. Conf. on Robotics and
		  Automation", 
  PAGES = "964-969",
  MONTH = May,
  YEAR = 1998
}

@ARTICLE{ljc98,
  AUTHOR = "J. Liu and R. Chen",
  TITLE = " Sequential Monte Carlo methods for dynamic systems",
  JOURNAL = "Journal of the American Statistical Association",
  VOLUME = 94, 
  YEAR = 1999, 
  PAGES = "590-599"
}

@INPROCEEDINGS{ld91,
  AUTHOR = "J. J. Leonard and H. F. Durrant-Whyte",
  TITLE = "Simultaneous Map Building and Localization for an
                  Autonomous Mobile Robot",
  BOOKTITLE = "Proc. of  IEEE/RSJ Intl. Workshop on Intelligent Robots and
		  Systems (IROS '91)", 
  PAGES = "1442-1447",
  MONTH = Nov,
  YEAR = 1991
}

@ARTICLE{ld92,
  AUTHOR = "J. J. Leonard and H. F. Durrant-Whyte and I. J. Cox",
  TITLE = "Dynamic Map Bulding for an Autonomous Mobile Robot",
  JOURNAL = "International Journal of Robotics Research", 
  VOLUME = 11,
  NUMBER = 4,
  PAGES = "286-298",
  YEAR = 1992
}

@INPROCEEDINGS{lf98,
  AUTHOR = "I.-C. Lin and L.-C. Fu", 
  TITLE = "Adaptive Hybrid Force/Position Control of a Flexible
                  Manipulator for Automated Deburring with On-line
                  Cutting Trajectory Modification",
  BOOKTITLE = "Proc. of  IEEE Intl. Conf. on Robotics and
		  Automation", 
  PAGES = "818-825",
  MONTH = May,
  YEAR = 1998
}

@ARTICLE{lg98,
  AUTHOR = "J. Lygeros and D. N. Godbole and S. S. Sastry", 
  TITLE = "Verified Hybrid Controller for Automated Vehicles",
  JOURNAL = "IEEE Transactions on Automatic Control", 
  PAGES = "522-539",
  VOLUME = "43",
  NUMBER = "4",
  YEAR = 1998
}

@INPROCEEDINGS{lh96, 
  AUTHOR = "F. Lange and G. Hirzinger",
  TITLE = "Learning force control with position controlled robots",
  BOOKTITLE = "Proceedings of the IEEE International Conference on
                  Robotics and Automation", 
  PAGES = "2282--2288", 
  YEAR = 1996
}

@BOOK{lj87,
  AUTHOR = "Lennart Ljung",
  TITLE = "System Identification: Theory for the User",
  YEAR = 1987,
  PUBLISHER = "Prentice Hall"
}

@ARTICLE{ma81,
  AUTHOR = "M. T. Mason", 
  TITLE = "Compliance and Force Control for Computer-Controlled Manipulators",
  JOURNAL = "IEEE Transactions on Systems, Man, and Cybernetics", 
  PAGES = "418-432",
  VOLUME = "11",
  NUMBER = "6",
  MONTH = Jun,
  YEAR = 1981
}

@INPROCEEDINGS{ma92, 
   AUTHOR = "B. J. McCarragher and H. Asada", 
   TITLE = "A discrete event controller using petri nets applied to
               robotic assembly",
   BOOKTITLE = "Proc. IEEE/RSJ Int. Conf. Intell. Robots and Systems", 
   MONTH = Jun, 
   YEAR = "1992", 
} 

@ARTICLE{ma93a,
  AUTHOR = "B. J. McCarragher and H. Asada", 
  TITLE = "Qualitative Template Matching Using Dynamic Process Models for
		  State Transition Recognition of Robotic Assembly", 
  JOURNAL = "Journal of Dynamic Systems, Measurement and Control", 
  PAGES = "261-275",
  MONTH = Jun,
  VOLUME = "115-2A",
  YEAR = 1993
}

@INPROCEEDINGS{ma93b, 
   AUTHOR = "B. J. McCarragher and H. Asada", 
   TITLE = "A discrete event approach to the control of robotic
              assembly tasks",
   BOOKTITLE = "Proc. 1993 IEEE Int. Conf. Robotics and Automation", 
   NOTE = "Atlanta, GA", 
   MONTH = May, 
   YEAR = "1993", 
} 

@ARTICLE{ma94a,
  AUTHOR = "B. J. McCarragher and H. Asada", 
  TITLE = "The Discrete Event Modelling and Trajectory Planning of Robotic
		  Assembly Tasks", 
  JOURNAL = "ASME Journal of Dynamic Systems, Measurement, and
		  Control", 
  PAGES = "394-400",
  MONTH = Sep,
  VOLUME = "117", 
  NUMBER = "3",
  YEAR = 1995
}

@ARTICLE{ma94b,
  AUTHOR = "B. J. McCarragher and H. Asada", 
  TITLE = "The Discrete Event Control of Robotic Assembly Tasks", 
  JOURNAL = "ASME Journal of Dynamic Systems, Measurement, and
		  Control", 
  PAGES = "384-393",
  MONTH = Sep,
  VOLUME = "117-3",
  YEAR = 1995
}

@INPROCEEDINGS{ma94c,
  AUTHOR = "B. J. McCarragher", 
  TITLE = "Model Adaptive Hybrid Dynamic Control for Constrained
		  Motion Systems", 
  BOOKTITLE = "????", 
  YEAR = "????"
}

@ARTICLE{ma95a,
  AUTHOR = "B. J. McCarragher and H. Asada", 
  TITLE = "The Discrete Event Modelling and Trajectory Planning of Robotic
		  Assembly Tasks", 
  JOURNAL = "ASME Journal of Dynamic Systems, Measurement, and
		  Control", 
  PAGES = "394-400",
  MONTH = Sep,
  VOLUME = "117", 
  NUMBER = "3",
  YEAR = 1995
}

@ARTICLE{ma95b,
  AUTHOR = "B. J. McCarragher and H. Asada", 
  TITLE = "The Discrete Event Control of Robotic Assembly Tasks", 
  JOURNAL = "ASME Journal of Dynamic Systems, Measurement, and
		  Control", 
  PAGES = "384-393",
  MONTH = Sep,
  VOLUME = "117-3",
  YEAR = 1995
}

@INPROCEEDINGS{ma95,
  AUTHOR = "J. O. Moody and P.J. Antsaklis and M.D. Lemmon",
  TITLE = "Automated Design of a Petri Net Feedback Controller for a
                  Robotic Assembly Cell",
  BOOKTITLE = "Proc. INRIA/IEEE Conf. on Emerging Technologies and 
                Factory Automation", 
  MONTH = Oct,
  YEAR = 1995
}

@INPROCEEDINGS{ma97, 
  AUTHOR = "T. Matsui and H. Asoh and I. Hara and N. Otsu", 
  TITLE = "An Event-Driven Architecture for Controlling Behaviors of
                 the Office Conversant Mobile Robot, Jijo-2",
  BOOKTITLE = "Proc. 1997 IEEE Intl. Conf. on Robotics
                 and Automation", 
  PAGES = "3367-3372",
  MONTH = Apr, 
  YEAR = "1997" 
} 

@INPROCEEDINGS{ma98b, 
  AUTHOR = "A. D. Mali", 
  TITLE = "Tradeoffs in Making the Behaviour-Based Robotic Systems
                 Goal-Directed",
  BOOKTITLE = "Proc. 1998 IEEE Intl. Conf. on Robotics
                 and Automation", 
  NOTE = "Leuven, Belgium", 
  MONTH = May, 
  YEAR = "1998" 
} 

@INPROCEEDINGS{mc93a,
  AUTHOR = "B. J. McCarragher", 
  TITLE = "Task-level Adaptation Using a Discrete Event Controller for Robotic
		  Assembly", 
  BOOKTITLE = "Proc. IEEE/RSJ Conf. on Intelligent Robots and Systems",
  PAGES = "2281-2285",
  MONTH = Jul,
  YEAR = 1993
}

@ARTICLE{mc93b, 
  AUTHOR = "P. J. McKerrow", 
  TITLE = "Echolocation - From range to outline segments",
  JOURNAL = "Journal of Robotics and Autonomous Systems", 
  PAGES = "205-211", 
  VOLUME = "11",
  YEAR = "1993", 
} 

@INPROCEEDINGS{mc94,
  AUTHOR = "B. J. McCarragher", 
  TITLE = "The Error Detection and Recovery of Robotic Assembly Tasks", 
  BOOKTITLE = "Proc. IFAC Symposium on Robot Control, Capri, Italy", 
  PAGES = "891-896",
  MONTH = Sep,
  YEAR = 1994
}

@INPROCEEDINGS{mc94b,
  AUTHOR = "B. J. McCarragher",
  TITLE = "Model Adaptive Discrete Event Control",
  YEAR = "1994",
  PAGES = "661-668",
  BOOKTITLE = "Proc. IFAC Symposium on Robot Control"
}

@INPROCEEDINGS{mc95,
  AUTHOR = "B. J. McCarragher",
  TITLE = "Model Adaptive Hybrid Dynamic Control for Constrained
                  Motion Systems",
  YEAR = "1995",
  MONTH = Sep,
  BOOKTITLE = "European Control Conf.",
  PAGES = "469-475",
  VOLUME = 1
}

@ARTICLE{mc96, 
  AUTHOR = "B. McCarragher", 
  TITLE = "Task Primitives for the Discrete Event Modeling and
		  Control of 6-DOF Assembly Tasks",
  JOURNAL = "IEEE Transactions on Robotics and Automation", 
  PAGES = "280-289", 
  MONTH = Apr,
  VOLUME = "12",
  NUMBER = "2", 
  YEAR = "1996", 
} 


@PHDTHESIS{mi96,
  AUTHOR = "B. Mirtich",
  TITLE = "Impulse-based Dynamic Simulation of Rigid Body Systems", 
  SCHOOL = "University of California, Berkeley",
  MONTH = Dec,
  YEAR = "1996"
}

@ARTICLE{mi91,
  AUTHOR = "J. K. Mills",
  TITLE = "Hybrid Control: A Constrained Motion Perspective",
  JOURNAL = "Journal of Robotic Systems",
  YEAR = "1991",
  PAGES = "135-158",
  VOLUME = "8"
}

@INPROCEEDINGS{mi97,
  AUTHOR = "Y. Matsumoto and M. Inaba and H. Inoue",
  TITLE = "Memory-Based Navigation using Omni-View Sequence",
  BOOKTITLE = "Proc. Intl Conf. on Field and Service Robotics (FSR
                  '97)",
  YEAR = "1997",
  PAGES = "184-191"
}
  
@INPROCEEDINGS{mj97,
  AUTHOR = "D. Murray and C. Jennings", 
  TITLE = "Stereo vision based mapping and navigation for mobile
                  robots",
  BOOKTITLE = "Proc. of IEEE Intl. Conf. on Robotics and
		  Automation",
  MONTH = Apr,
  PAGES = "1694-1699",
  YEAR = 1997
}

@INPROCEEDINGS{ml97,
  AUTHOR = "K. de Meyer and O. Lemon and U. Nehmzow",
  TITLE = "Multiple Resolution Mapping for Efficient Mobile Robot
                  Navigation",
  BOOKTITLE = "Proc. UK 97, British Conf. on Automous Mobile Robotics
                  and ``Scientific Methods in Mobile Robotics''",
  YEAR = 1997
}

@INCOLLECTION{mo95,
  EDITOR = "Alberto Isidori",
  BOOKTITLE = "Trends in Control: A European Perspective",
  TITLE = "Control Using Logic-Based Switching",
  PUBLISHER = "Springer-Verlag",
  YEAR = 1995,
  AUTHOR = "A. S. Morse",
  PAGES = "69-113"
}

@INPROCEEDINGS{ms02,
  AUTHOR = "Milo C. Silverman and Dan Nies and Boyoon Jung and 
            Gaurav S. Sukhatme",
  TITLE = "Staying Alive: A Docking Station for Autonomous Robot Recharging",
  YEAR = 2002,
  BOOKTITLE = "IEEE Intl. Conf. on Robotics and
		  Automation"
}

@INPROCEEDINGS{mw88,
  AUTHOR = "M. T. Mason and Yu Wang",
  TITLE = "On the Inconsistency of Rigid-Body Frictional Planar
                  Mechanics",
  YEAR = "1988",
  PAGES = "524-528",
  VOLUME = "1",
  BOOKTITLE = "IEEE Intl. Conf. on Robotics and
		  Automation"
}

@BOOK{narendra,
  EDITOR = "Kumpati S. Narendra and Romeo Ortega and Peter Dorato",
  TITLE = "Advances in Adaptive Control", 
  PUBLISHER = "IEEE Press",
  YEAR = "1991"
}

@INPROCEEDINGS{ne98,
  AUTHOR = "U. Nehmzow",
  TITLE = "An Episodic Mapping Algorithm for Mobile Robot
                  Self-Localisation: ``Meaning through
                  Self-Organisation''",
  BOOKTITLE = "Intl. Workshop on ``Computation for Metaphors, Analogy
                  and Agents''",
  YEAR = 1998
}


@UNPUBLISHED{ng00,
  AUTHOR = "E. W. Nettleton and P. W. Gibbens and H. F. Durrant-Whyte",
  TITLE = "Closed Form Solutions To the Multiple Platform Simultaneous
                  Localisation and Map Building (SLAM) Problem",
  BOOKTITLE = "AeroSense 2000 24-28 April 2000, Orlando",
  NOTE = "(submitted 31/1/2000)"
}

@INPROCEEDINGS{nk95,
  AUTHOR = "T. Niinomi and B. H. Krogh and J. E. R. Cury", 
  TITLE = "Synthesis of Supervisory Controllers for Hybrid Systems
		  Based on Approximating Automata", 
  BOOKTITLE = "Proc. 34th Conf. on Decision and Control", 
  PAGES = "1461-1466",
  MONTH = Dec,
  YEAR = 1995
}

@INPROCEEDINGS{ns91,
  AUTHOR = "U. Nehmzow and T. Smithers",
  TITLE = "Mapbuilding using Self-Organising Networks in ``Really
                  Useful Robots''",
  BOOKTITLE = "From animals to animats, Proc. 1st Conf. on Simulation
                  of Adaptive Behaviour",
  YEAR = 1991
}

@INPROCEEDINGS{ns98,
  AUTHOR = "C. Natale and B. Siciliano and L. Villani", 
  TITLE = "Control of Moment and Orientation for a Robot Manipulator
                  in Contact with a Compliant Environment",
  BOOKTITLE = "Proc. of  IEEE Intl. Conf. on Robotics and
		  Automation", 
  PAGES = "1755-1760",
  MONTH = May,
  YEAR = 1998
}

@INPROCEEDINGS{nx98,
  AUTHOR = "M. C. Nechyba and Y. Xu", 
  TITLE = "On Discontinuous Human Control Strategies",
  BOOKTITLE = "Proc. of  IEEE Intl. Conf. on Robotics and
		  Automation", 
  PAGES = "2237-2243",
  MONTH = May,
  YEAR = 1998
}

@ARTICLE{ob93,
  AUTHOR = "R. F. O'Connor and C. Baber and M. Musri and H. Ekerol",
  TITLE = "Identification, classification and management of errors in
                  automated assembly tasks",
  JOURNAL = "Intl. Journal of Production Research",
  YEAR = "1991",
  VOLUME = "31",
  PAGES = "1853-1863"
}

@INPROCEEDINGS{ortega,
  AUTHOR = "Romeo Ortega and Mark W. Spong",
  TITLE = "Adaptive Motion Control of Rigid Robots: A tutorial",
  BOOKTITLE = "Proc. 27th Conf. on Decision and Control",
  YEAR = "1988"
}

@INPROCEEDINGS{ow90,
  AUTHOR = "J.S. Ostroff and W.M. Wonham", 
  TITLE = "A Framework for Real-Time Discrete Event Control", 
  BOOKTITLE = "IEEE Transactions of Automatic Control",
  VOLUME = 35, 
  NUMBER = 4, 
  MONTH = Apr,
  YEAR = 1990
}

@INPROCEEDINGS{ov93,
  AUTHOR = "A. Overkamp", 
  TITLE = "Design and Verification of a Communication Protocol for a Telephone
		  Network", 
  BOOKTITLE = "Belgian-French-Netherlands Summer School on Discrete Event
		  Systems", 
  MONTH = Jun,
  YEAR = 1993
}

@INPROCEEDINGS{oz00,
  AUTHOR = "Seungjun Oh and Alexander Zelinsky and Ken Taylor", 
  TITLE = "Autonomous Battery Recharging for Indoor Mobile Robots", 
  BOOKTITLE = "Australian Conference on Robotics and Automation",
  MONTH = Aug,
  YEAR = 2000
}

@PHDTHESIS{pa95,
  AUTHOR = "P. Astuti",
  TITLE = "The Convergence and Control of a Class of Hybrid Dynamic
		  Systems", 
  SCHOOL = "Australian National University",
  YEAR = "1995"
}

@BOOK{pe81,
  AUTHOR = "James L. Peterson", 
  TITLE = "Petri Net Theory and the Modeling of Systems", 
  PUBLISHER = "Prentice Hall, Inc.", 
  YEAR = 1981
}

@BOOK{peterson,
  AUTHOR = "James L. Peterson",
  TITLE = "Petri Net Theory and the Modeling of Systems",
  PUBLISHER = "Prentice Hall, Inc.",
  YEAR = "1981"
}

@INPROCEEDINGS{pl97,
  AUTHOR = "B. H. Park and J. S. Lee and S. Y. Park", 
  TITLE = "An Adaptive Learning Control Method for Constrained Motion
                  of Uncertain Robotic Systems", 
  BOOKTITLE = "Proc. 1997 IEEE Intl. Conf. on
                  Robotics and Automation", 
  PAGES = "531-536",
  MONTH = Apr,
  YEAR = 1997
}

@INPROCEEDINGS{pn96,
  AUTHOR = "D. Pagac and E. M. Nebot and H. Durrant-Whyte", 
  TITLE = "An Evidential Approach to Probabilistic Map Building",
  BOOKTITLE = "Proc. of  IEEE Intl. Conf. on Robotics and
		  Automation", 
  PAGES = "745-750",
  MONTH = April,
  YEAR = 1996
}

@BOOK{polderman,
  AUTHOR = "J. W. Polderman",
  TITLE = "Adaptive Control and Indentification: conflict or conflux?", 
  PUBLISHER = "Stichting Mathermtisch Centrum, Amsterdam",
  YEAR = "1989"
}

@UNPUBLISHED{pt97,
  AUTHOR = "J. S. Pang and J. C. Trinkle", 
  TITLE = "Complementarity Formulations and Existence of Solutions of
                  Dynamic Multi-Rigid-Body Contact Problems with
                  Coulomb Friction",
  NOTE = "to appear in Mathematical Programming, available from 
          http://www.cs.tamu.edu/faculty/trink/Papers/"
}

@INPROCEEDINGS{qc97,
  AUTHOR = "R. D. Quinn and C.-T. Chen and R. E. Ritzmann", 
  TITLE = "A Crash Avoidance System Based Upon the Cockroach Escape
                  Response Circuit",
  BOOKTITLE = "IEEE Intl. Conf. on Robotics
                  and Automation", 
  MONTH = Apr,
  PAGES = "2007-2012",
  YEAR = 1997
}

@UNPUBLISHED{ra97, 
  TITLE = "The Cathedral and the Bazaar",
  AUTHOR = "Eric Steven Raymond",
  NOTE = "http://www.tuxedo.org/\~{}esr/writings/cathedral-bazaar/cathedral-bazaar/",
  YEAR = 1997
}

@INPROCEEDINGS{rb90,
  AUTHOR = "U. Raschke and J. Borenstein", 
  TITLE = "A Comparison of Grid-type Map-building Techniques by Index
                  of Performance",
  BOOKTITLE = "Proc. of  IEEE Intl. Conf. on Robotics and
		  Automation", 
  PAGES = "1828-1832",
  MONTH = May,
  YEAR = 1990
}

@INPROCEEDINGS{rb97,
  AUTHOR = "J. Rosell and L. Basanez and R. Suarez", 
  TITLE = "Determining Compliant Motion for Planar Assembly Tasks in
                  the Presence of Friction", 
  BOOKTITLE = "Proc. 1997 IEEE/RSJ Intl. Conf. on Intelligent Robots", 
  PAGES = "946-951",
  VOLUME = 2,
  MONTH = Sep,
  YEAR = 1997
}

@INPROCEEDINGS{re94,
  AUTHOR = "W. Rencken", 
  TITLE = "Autonomous sonar navigation in indoor, unknown and
                  unstructured environments",  
  BOOKTITLE = "Proc. IEEE Int'l Conf. on Intelligent Robots and
                  Systems",
  PAGES = "431--438", 
  MONTH = "Sep",
  YEAR =  1994
}

@BOOK{recipes,
  AUTHOR = "William H. Press",
  TITLE = "Numerical Recipes in C: the art of scientific computing",
  PUBLISHER = "Cambridge University Press",
  YEAR = "1992"
}

@INPROCEEDINGS{ri98,
  AUTHOR = "A. A. Rizzi", 
  TITLE = "Hybrid Control as a Method for Robot Motion Programming",
  BOOKTITLE = "Proc. of  IEEE Intl. Conf. on Robotics and
		  Automation", 
  PAGES = "832-837",
  MONTH = May,
  YEAR = 1998
}

@INPROCEEDINGS{ry98,
  TITLE = "3-D Object Recognition Using Projective Invariant
                  Relationship by Single-View", 
  AUTHOR = "K. S. Roh and B. J. You and I. S. Kweon",
  BOOKTITLE = "Int. Conf. on Robotics and Automation", 
  PAGES = "3394-3399",
  YEAR = 1998
}

@INPROCEEDINGS{sa92,
  AUTHOR = "J. Stiver and P. Antsaklis", 
  TITLE = "Modelling and Analysis of Hybrid Control Systems", 
  BOOKTITLE = "Proc. 31st Conf. on Decision and Control", 
  PAGES = "3748-3751",
  MONTH = Dec,
  YEAR = 1992
}

@INPROCEEDINGS{sa94,
  AUTHOR = "J. Stiver and P. Antsaklis and M. D. Lemmon",
  TITLE = "Digital Control from a Hybrid Perspective", 
  BOOKTITLE = "Proc. of the 33th Conf. on Decision and Control",
  MONTH = Dec,
  YEAR = 1994,
  PAGES = "4241-4246"
}

@INPROCEEDINGS{sa95,
  AUTHOR = "J. Stiver and P. Antsaklis and M. D. Lemmon", 
  TITLE = "Hybrid Control System Design Based on Natural Invariants", 
  BOOKTITLE = "Proc. 34th Conf. on Decision and Control", 
  PAGES = "1455-1460",
  MONTH = Dec,
  YEAR = 1995
}

@INPROCEEDINGS{sadegh,
  AUTHOR = "Nader Sadegh and Roberto Horowitz",
  TITLE = "An Exponentially Stable Adaptive Control Law For Robot
		  Manipulators",
  BOOKTITLE = "Proc. 1990 Automation Control Conf.",
  YEAR = "1990"
}

@ARTICLE{sb88a,
  AUTHOR = "J. De Schutter and H, Van Brussel",
  TITLE = "Compliant robot motion I",
  JOURNAL = "Int. J. Robotics Research",
  VOLUME = 7,
  NUMBER = 4,
  PAGES = "1-33",
  YEAR = 1988
}

@ARTICLE{sb88b,
  AUTHOR = "J. De Schutter and H, Van Brussel",
  TITLE = "Compliant robot motion II: a control approach based on
                  external control loops",
  JOURNAL = "Int. J. Robotics Research",
  VOLUME = 7,
  NUMBER = 4,
  PAGES = "18-33",
  YEAR = 1988
}

@INCOLLECTION{sb98,
  AUTHOR = "J. De Schutter and  H.Bruyninckx and H. Zhu and M. Spong",
  TITLE = "Force Control: A Bird's Eye View",
  BOOKTITLE = "Control Problems in Robotics and Automation",
  EDITOR = "B. Siciliano and K. R. Valavanis",
  PUBLISHER = "Springer Verlag",
  PAGES = "1-17",
  YEAR = 1998
}

@INPROCEEDINGS{schwartz,
  AUTHOR = "H. M. Schwartz and G Warshaw and T. Janabi",
  TITLE = "Issues in Robot Adaptive Control",
  BOOKTITLE = "Proc. 1990 Automation Control Conf.",
  YEAR = "1990"
}

@MISC{sc02,
  AUTHOR = "Douglas Schmidt and et. al.",
  TITLE = "The ADAPTIVE Communications Environment",
  NOTE = "http://www.cs.wustl.edu/\~{}schmidt/ACE.html"
}

@MISC{sc02b,
  AUTHOR = "Douglas Schmidt and et. al.",
  TITLE = "Real-time CORBA with TAO",
  NOTE = "http://www.cs.wustl.edu/\~{}schmidt/TAO.html"
}

@INPROCEEDINGS{sg96,
  AUTHOR = "Pelin Song and Andrew Goldenberg",
  TITLE = "Fundamental Principles of Design of Position and Force
                  Controller for Robot Manipulators",
  BOOKTITLE = "Proc. 1996 IEEE Intl. Conf. on
                  Robotics and Automation",
  MONTH = Apr,
  YEAR = "1996"
}

@UNPUBLISHED{sg01,
  AUTHOR = "Reid G. Simmons and Richard Goodwin and Karen Zita Haigh
                  and Sven Koenig and Joseph O'Sullivan and Manuela
                  M. Veloso", 
  TITLE = "Xavier: Experience with a Layered Robot Architecture",
  NOTE = "To appear in the ACM magazine Intelligence, edited by
                  Manuela M. Veloso."
}


@INPROCEEDINGS{sh98,
  AUTHOR = {F. Sch{\"o}nherr and J. Hertzberg and W. Burgard},
  TITLE = "Probabilistic Mapping of Unexpected Objects by a Mobile
                  Robot",
  BOOKTITLE = {Proc. Computer Vision and Mobile Robots Workshop (CVMR-98)},
  EDITOR = {St. Orphanoudakis and P. Trahanias and J. Crowley and N. Katevas},
  PAGES = {46-53},
  ADDRESS = {Santorini, Greece},
  MONTH = sep,
  YEAR = 1998
}

@UNPUBLISHED{si98,
  AUTHOR = "R. Sim",
  TITLE = "Mobile Robot Localisation using Learned Landmarks",
  NOTE = "PhD Thesis, McGill University",
  YEAR = 1998
}

@INPROCEEDINGS{sk96,
  AUTHOR = "S. Singh and A. Kelly",
  TITLE = "Robot Planning in the Space of Feasible Actions: Two
                  Examples",
  BOOKTITLE = "Proc. 1996 IEEE Intl. Conf. on
		  Robotics and Automation",
  PAGES = "3309-3316",
  YEAR = 1996
}

@INPROCEEDINGS{sk97,
  AUTHOR = "T. Simeon and M. Khatib and B. Bouilly and R. Chatila",
  TITLE = "Indoor Navigation with Uncertainty Using Sensor-Based Motions",
  BOOKTITLE = "Proc. 1997 IEEE Intl. Conf. on
		  Robotics and Automation",
  PAGES = "3379-3384",
  MONTH = Apr,
  YEAR = 1997
}

@BOOK{sl91,
  AUTHOR = "Jean-Jaques E. Slotine and Weiping Li",
  TITLE = "Applied Nonlinear Control",
  PUBLISHER = "Prentice-Hall",
  YEAR = 1991
}

@INPROCEEDINGS{sm98,
  AUTHOR = "D. Sun and J. K. Mills", 
  TITLE = "Adaptive Learning Control of Robotic Systems with Model
                  Uncertainties",
  BOOKTITLE = "Proc. of 1998 IEEE Intl. Conf. on Robotics and
		  Automation", 
  PAGES = "1847-1852",
  MONTH = May,
  YEAR = 1998
}

@INPROCEEDINGS{sn97,
  AUTHOR = "S. Scheding and E. M. Nebot and M. Stevens and
                  H. Durrant-Whyte",
  TITLE = "Experiments in Autonomous Underground Guidance", 
  BOOKTITLE = "Proc. 1997 IEEE Intl. Conf. on Robotics and Automation",
  PAGES = "1898-1903",
  MONTH = Apr,
  YEAR = 1997
}

@ARTICLE{sp92,
  AUTHOR = "J. M. Schimmels and M. A. Peshkin",
  TITLE = "Admittance Matrix Design for Force-Guided Assembly",
  JOURNAL = "IEEE Transactions on Robotics and Automation",
  PAGES = "213-227",
  VOLUME = 8,
  NUMBER = 2,
  MONTH = Apr,
  YEAR = 1992
}

@ARTICLE{sp94,
  AUTHOR = "J. M. Schimmels and M. A. Peshkin",
  TITLE = "Force-Assembly with Friction",
  JOURNAL = "IEEE Transactions on Robotics and Automation",
  PAGES = "465-479",
  VOLUME = 10,
  NUMBER = 4,
  MONTH = Aug,
  YEAR = 1994
}

@INPROCEEDINGS{sp96,
  AUTHOR = "N. M. Sgouros and G. Papakontantinou and P. Tsanakas",
  TITLE = "Localized Qualitative Navigation for Indoor Environments",
  BOOKTITLE = "Proc. 1996 IEEE Intl. Conf. on
		  Robotics and Automation",
  PAGES = "921-926",
  YEAR = 1996
}

@MISC{sp02, 
  AUTHOR = "Jake Sprouse",
  TITLE = "nomadic.sourceforge.net",
  YEAR = 2002
}

@INPROCEEDINGS{sr99,
  AUTHOR = "J. Schulte and C. Rosenberg and S. Thrun",
  TITLE = "Spontaneous, Short-term Interaction with Mobile Robots",
  BOOKTITLE = "Proceedings of the IEEE International Conference
                  on Robotics and Automation (ICRA)",
  YEAR = 1999
}


@INPROCEEDINGS{st00,
  AUTHOR = "Orson Sutherland and Harley Truong and Sebastien Rougeaux
                  and Alexander Zelinsky",
  TITLE = "Advancing Active Visions Systems by Improved Control and
                  Design",
  BOOKTITLE = "Proc. Intl. Symposium of Experimental Reobotics (ISER
                  2000)",
  YEAR = 2000,
  MONTH = "December"
}


@BOOK{sworder,
  AUTHOR = "David Sworder",
  TITLE = "Optimal Adaptive Control Systems", 
  PUBLISHER = "Academic Press",
  YEAR = "1966"
}

@INPROCEEDINGS{sv96,
  AUTHOR = "B. Siciliano and L. Villani",
  TITLE = "A Force/Position Regulator for Robot Manipulators Without
		  Velocity Measurements",
  BOOKTITLE = "Proc. 1996 IEEE Intl. Conf. on
		  Robotics and Automation",
  PAGES = "2567-2572",
  YEAR = 1996
}

@INPROCEEDINGS{tb96,
  AUTHOR = "S. Thrun and A. Bucken", 
  TITLE = "Integrating Grid-Based and Topological Maps for Mobile
                  Robot Navigation",
  BOOKTITLE = "Proc. of the Conf. on Artificial Intelligence", 
  MONTH = Aug,
  YEAR = 1996
}

@INPROCEEDINGS{tb97,
  AUTHOR = "T.-J. Tarn and K. Brady",
  TITLE = "A Framework for the Control of Time-Delayed Telerobotic
                  Systems",
  BOOKTITLE = "Proc. of the Fifth Symposium on Robot Control", 
  PAGES = "619-624",
  MONTH = Sep,
  YEAR = 1997
}

@UNPUBLISHED{tb96b,
  AUTHOR = "S. Thrun and A. Bucken", 
  TITLE = "Learning Maps for Indoor Mobile Robot Navigation",
  NOTE = "Technical Report CMU-CS-96-121, School of Computer Science,
                  Carnegie Mellon University", 
  MONTH = Apr,
  YEAR = 1996
}

@ARTICLE{tb98,
  AUTHOR = "S. Thrun and W. Burgard and D. Fox", 
  TITLE = "A Probabilistic Approach to Concurrent Mapping and
                  Localization for Mobile Robots",
  JOURNAL = "Machine Learning",
  VOLUME = 21,
  NUMBER = 5,
  PAGES = "1-25",
  YEAR = 1998
}

@INPROCEEDINGS{tb99,
  AUTHOR = "S. Thrun and M. Bennewitz and W. Burgard and A. B. Cremers
                  and F. Dellaert and D. Fox and D. Haehnel and
                  C. Rosenberg and N. Roy and J. Schulte and
                  D. Schulz", 
  TITLE = "MINERVA: A second generation mobile tour-guide robot",
  BOOKTITLE = "Proceedings of the IEEE International Conference
                  on Robotics and Automation (ICRA)",
  YEAR = 1999
}

@UNPUBLISHED{th99,
  AUTHOR = "S. Thrun",
  TITLE = "Bayesian Landmark Learning for Mobile Robot Localization",
  NOTE = "Machine Learning, to appear",
  YEAR = 1999
}



@INPROCEEDINGS{tf98,
  AUTHOR = "S. Thrun and D. Fox and W. Burgard", 
  TITLE = "Probabilistic Mapping of an Environment by a Mobile Robot",
  BOOKTITLE = "Proc. of IEEE Intl. Conf. on Robotics and
		  Automation",
  MONTH = May,
  PAGES = "1546-1551",
  YEAR = 1998
}

@INPROCEEDINGS{tp97,
  AUTHOR = "J. C. Trinkle and J. S. Pang and S. Sudarsky and G. Lo", 
  TITLE = "On Dynamic Multi-Rigid-Body Contact Problems with
                  Coulomb Friction",
  BOOKTITLE = "Zeithschrift fur Angewandte Mathematik und Mechanik", 
  YEAR = "accepted"
}

@UNPUBLISHED{ts98,
  AUTHOR = "C. J. Tomlin and S. S. Sastry",
  TITLE = "Switching through Singularities",
  NOTE = "Systems and Control Letters, to appear",
  YEAR = 1998
}

@ARTICLE{tw96,
  AUTHOR = "T.-J. Tarn and Y. Wu and N. Xi and A. Isidori",
  TITLE = "Force Regulation and  Contact Transition Control",
  JOURNAL = "IEEE Control Systems",
  PAGES = "32-39",
  MONTH = Feb,
  YEAR = 1996
}

@UNPUBLISHED{tz01,
  AUTHOR = "Simon Thompson and Alexander Zelinsky",
  TITLE = "Local Positioning in Topological Maps using Automatically
                  Selected Landmarks",
  NOTE = "Submitted to 2001 IEEE/RSJ Conference on Intelligent Robots
                  and Systems (IROS'01)"
}


@INPROCEEDINGS{ramadge,
  TITLE = "The Control of Discrete Event Systems",
  BOOKTITLE = "Proceedings IEEE, 77, no. 1",
  AUTHOR = "Peter J. G. Ramadge and W. Murray Wonham",
  YEAR = 1989
}

@ARTICLE{rc81,
  AUTHOR = "M.H. Raibert and J.J. Craig", 
  TITLE = "Hybrid Position/Force Control of Manipulators", 
  JOURNAL = "Journal of Dynamic Systems, Measurement, and Control", 
  VOLUME = 103, 
  PAGES = "126-133",
  YEAR = 1981
}

@ARTICLE{to99,
  AUTHOR = "Antonio Tornambe",
  TITLE = "Modeling and Control of Impact in Mechanical Systems:
                  Theory and Experimental Results",
  JOURNAL = "IEEE Transactions on Automatic Control", 
  VOLUME = "44(2)", 
  PAGES = "294-309",
  YEAR = 1999
}

@ARTICLE{tr89,
  AUTHOR = "T. Risse",
  TITLE  = "Hough Transform for Line Recognition",
  JOURNAL= "Computer Vision and Image Processing",
  YEAR   = 1989,
  PAGES  = "327-345"
}

@UNPUBLISHED{uh95,
  AUTHOR = "J. K. Uhlmann",
  TITLE = "Dynamic Map Building and Localization: New Theoretical
                  Foundations",
  NOTE = "PhD Thesis, University of Oxford",
  YEAR = 1995
}

@INPROCEEDINGS{wa99,
  AUTHOR = "F. H. Wullschleger and K. O. Arras and S. Vestli", 
  TITLE = "A Flexible Exploration Framework for Map Building",
  BOOKTITLE = "Proceedings of the 3rd European Workshop on Advanced
                  Mobile Robots (Eurobot'99), Zurich, Switzerland",
  YEAR = 1999
}

@BOOK{wgw63,
  AUTHOR = "W. Grey Walter",
  TITLE = "The Living Brain", 
  PUBLISHER = "W.W. Norton, New York",
  YEAR = "1963"
}

@ARTICLE{wh82,
  TITLE = "Quasi-Static Assembly of Compliantly Supported Rigid Parts",
  JOURNAL = "ASME Journal of Dynamic Systems, Measurement and Control",
  AUTHOR = "D. E. Whitney",
  YEAR = 1982
}

@BOOK{wh93,
  AUTHOR = "J. Weng and T. S. Huang and N. Ahuja", 
  TITLE = "Motion and Structure from Image Sequences", 
  PUBLISHER = "Springer-Verlag", 
  YEAR = 1993
}

@UNPUBLISHED{wh99,
  AUTHOR = "W. M. Wonham",
  TITLE = "Lecture notes on Discrete Event Systems",
  NOTE = "available at http://odin.control.toronto.edu/cgi-bin/dldes.cgi",
  YEAR = 1999
}

@ARTICLE{wi96,
  AUTHOR = "M. S. Wilson",
  TITLE = "Reliability and Flexibility - A Mutually Exclusive Problem
                  for Robotic Assembly",
  JOURNAL = "IEEE Transactions on Robotics and Automation",
  VOLUME = 12,
  MONTH = Apr,
  PAGES = "343-347",
  YEAR = 1996
}

@INPROCEEDINGS{wj98,
  AUTHOR = "O. Wijk and P. Jensfelt and H. I. Christensen",
  TITLE = "Triangulation based fusion of ultrasonic sensor data",
  BOOKTITLE = "Proc. 1998 IEEE Intl. Conf. on Robotics
                  and Automation",
  MONTH = May,
  YEAR = 1998,
  PAGES = "3419-3424"
}

@INPROCEEDINGS{wk92,
  TITLE = "Dynamics of Rigid Bodies Undergoing Multiple Frictional
                  Contacts",
  BOOKTITLE = "IEEE Intl. Conf. on Robotics and
		  Automation",
  AUTHOR = "Y.-T. Wang and V. Kumar and J. Abel",
  PAGES = "2764-2769",
  VOLUME = "3",
  YEAR = 1992
}

@ARTICLE{wm93,
  AUTHOR = "D. Wang and N. H. McClamroch", 
  TITLE = "Position and Force Control for Constrained Manipulator
                  Motion: Lyapunov's Direct Method", 
  JOURNAL = "IEEE Trans. on Robotics and Automation", 
  VOLUME = 9,
  NUMBER = 3,
  PAGES = "308-313",
  YEAR = 1993
}

@UNPUBLISHED{wn00,
  AUTHOR = "S. B. Williams and P. Newman and M. W. M. G. Dissanayake
                  and H. F. Durrant-Whyte",
  TITLE = "Autonomous underwater simultaneous localisation and map
                  building",
  BOOKTITLE = "IEEE International Conference on Robotics and
                  Automation 2000 24 - 28 April2000, San Francisco
                  CA, USA",
  NOTE = "(in press Jan 7, 2000)"
}

@INPROCEEDINGS{wp95,
  TITLE = "A Map Based on Laserscans without Geometric Interpretation",
  AUTHOR = "G. Weiß and E. von Puttkamer",
  BOOKTITLE = "Proc. of IAS-4, Karlsruhe, Germany",
  MONTH = Mar,
  YEAR = 1995
}


@INPROCEEDINGS{wt99,
  TITLE = "A Trinocular Stereo System for Highway Obstacle Detection",
  AUTHOR = "T. Williamson and C. Thorpe",
  BOOKTITLE = "1999 International Conference on Robotics and
                  Automation (ICRA '99)", 
  YEAR = 1999
}

@ARTICLE{ww96a,
  AUTHOR = "K. C. Wong and W. M. Wonham",
  TITLE = "Hierarchical Control of Discrete-Event Systems", 
  JOURNAL = "Discrete Event Dynamic Systems: Theory and Applications",
  VOLUME = 6,
  NUMBER = 3, 
  MONTH = Jul,
  YEAR = 1996,
  PAGES = "241-273"
}

@ARTICLE{ww96b,
  AUTHOR = "K. C. Wong and W. M. Wonham",
  TITLE = "Hierarchical Control of Timed Discrete-Event Systems", 
  JOURNAL = "Discrete Event Dynamic Systems: Theory and Applications",
  VOLUME = 6,
  NUMBER = 3, 
  MONTH = Jul,
  YEAR = 1996,
  PAGES = "275-306"
}

@INPROCEEDINGS{wz98,
  AUTHOR = "K. Ward and A. Zelinsky",
  TITLE = "Acquiring Mobile Robot Behaviours by Learning Trajectory
                  Velocities with Multiple FAM Matrices",
  BOOKTITLE = "Proc. of IEEE Intl. Conf. on Robotics and
		  Automation",
  PAGES = "668-673",
  YEAR = 1998
}

@INPROCEEDINGS{xj00,
  AUTHOR = "Jing Xiao and Xuerong Ji", 
  TITLE = "A Divide-and-Merge Approach to Contact Motion Planning",
  BOOKTITLE = "Proceedings of 2000 IEEE International Conference on
                  Robotics and Automation, San Francisco",
  MONTH = "April",
  YEAR = 2000
}

@INPROCEEDINGS{ya96,
  AUTHOR = "B. Yamauchi",
  TITLE = "Mobile Robot Localization in Dynamic Environments Using
                  Dead Reckoning and Evidence Grids", 
  BOOKTITLE = "Proc. 1996 IEEE Intl. Conf. on Robotics
                  and Automation",
  MONTH = Apr,
  YEAR = 1996,
  PAGES = "1401-1406"
}

@UNPUBLISHED{ya97,
  AUTHOR = "B. Yamauchi",
  TITLE = "A Frontier-Based Approach for Autonomous Exploration",
  NOTE = "to appear in Proceedings of the 1997 IEEE Intl.
                  Symposium on Computational Intelligence in Robotics
                  and Automation",
  YEAR = 1997
}

@INPROCEEDINGS{yh98,
  AUTHOR = "Shin'ichi Yuta and Yasushi Hada",

  TITLE = "Long term activity of the autonomous robot - Proposal of a
                  bench-mark problem for the autonomy",
  BOOKTITLE = "Proceedings of the 1998 IEEE/RSJ International
                  Conference on Intelligent Robots and Systems
                  (IROS'98)",
  MONTH = Oct,
  YEAR = 1998,
  PAGES = "1871-1878"
}

@INPROCEEDINGS{yl96,
  AUTHOR = "B. Yamauchi and P. Langley",
  TITLE = "Place Learning in Dynamic Real-World Environments", 
  BOOKTITLE = "Proc. ROBOLEARN-96: Intl. Workshop for Learning
                  in Autonomous Robots",
  MONTH = May,
  YEAR = 1996,
  PAGES = "123-129"
}

@INPROCEEDINGS{ym95a,
  AUTHOR = "H. Ye and A. N. Michel and L. Hou",
  TITLE = "A General Model for the Qualitative Analysis of Hybrid
                  Dynamical Systems", 
  BOOKTITLE = "Proc. of the 34th Conf. on Decision and Control",
  MONTH = Dec,
  YEAR = 1995,
  PAGES = "1473-1477"
}

@INPROCEEDINGS{ym95b,
  AUTHOR = "H. Ye and A. N. Michel and L. Hou",
  TITLE = "Stability Theory for Hybrid Dynamical Systems", 
  BOOKTITLE = "Proc. of the 34th Conf. on Decision and Control",
  MONTH = Dec,
  YEAR = 1995,
  PAGES = "2679-2684"
}

@ARTICLE{ys93,
  AUTHOR = "T. Yoshikawa and A. Sudou", 
  TITLE = "Dynamic Hybrid Position/Force Control of Robot Manipulators
                  -- On-line Estimation of Unknown Constraint", 
  JOURNAL = "IEEE Trans. on Robotics and Automation", 
  VOLUME = 9,
  NUMBER = 2,
  PAGES = "220-226",
  YEAR = 1993
}

@INPROCEEDINGS{ys98,
  AUTHOR = "B. Yamauchi and A. Schultz and W. Adams",
  TITLE = "Mobile Robot Exploration and Map-Building with Continuous
                  Localization", 
  BOOKTITLE = "Proc. 1998 IEEE Intl. Conf. on Robotics
                  and Automation",
  MONTH = May,
  YEAR = 1998,
  PAGES = "3715-3720"
}

@INPROCEEDINGS{zeigler,
  TITLE = "DEVS Representation of Dynamical Systems: Event-Based
		  Intelligent Control",
  BOOKTITLE = "Proceedings IEEE, 77, no. 1",
  AUTHOR = "Bernard P. Zeigler",
  YEAR = 1989
}

@INPROCEEDINGS{zb98,
  AUTHOR = "M. Zefran and J. W. Burdick",
  TITLE = "Stabilization of systems with changing dynamics by means of
                  switching", 
  BOOKTITLE = "Proc. 1998 IEEE Intl. Conf. on Robotics and Automation",
  MONTH = May,
  YEAR = 1998,
  PAGES = "1090-1095"
}

@INPROCEEDINGS{zp94,
  TITLE = "Comparing World-Modelling Strategies for Autonomous Mobile
                  Robots",
  AUTHOR = "U. R. Zimmer and E. von Puttkamer",
  BOOKTITLE = "Proc. IWK'94, Ilmenau, Germany",
  MONTH = Sep, 
  YEAR = 1994,
  PAGES = "39-46"
}










@InProceedings{kagami99,
  author =       "S. Kagami and K. Okada and M. Inaba and H. Inoue",
  title =        "Real-Time 3D Flow Generation System",
  booktitle =    "Proc. IEEE Int. Conf. on Multisensor Fusion and
  Integration for Intelligent Systems",
  year =         1999,
  publisher =    "IEEE Computer Press",
  address =      "Taipei, Taiwan"
}

@InProceedings{kagami00,
  author =       "S. Kagami and K. Okada and M. Inaba and H. Inoue",
  title =        "Design and Implementation of Onbody Real-time
  Depthmap Generation System",
  booktitle =    "Proc. IEEE Int. Conf. on Robotics and Automation",
  year =         2000,
  publisher =    "IEEE Computer Press",
  address =      "California, USA"
}

@InProceedings{truong00,
  author =       "H. Truong and S. Abdallah and S. Rougeaux and A. Zelinsky",
  title =        "A Novel Mechanism for Stereo Active Vision",
  booktitle =    "Proc. Australian Conference on Robotics and Automation",
  year =         2000,
  publisher =    "ARAA",
  address =      "Melbourne, Australia"
}



@Article{murray97,
  author =       "Don Murray and James J. Little",
  title =        "Using Real-Time Stereo Vision for Mobile Robot Navigation",
  journal =      "Autonomous Robots",
  year =         "2000",
  volume =       "8",
  pages =        "161--171",
}

@ARTICLE{kalman60,
  AUTHOR = "Kalman, R.E.",
  TITLE = "A New Approach to Linear Filtering and Prediction Problems",
  JOURNAL = "Transaction of the ASME - Journal of Basic Engineering",
  PAGES = "35-45",
  MONTH = Mar,
  YEAR = 1960
}





